@article{bin2009efficient,
  title={Efficient Multigrid Methods based on Improved Coarse Grid Correction Techniques},
  author={Bin Zubair, H},
  year={2009}
}
@book{papalambros2000principles,
	title={Principles of optimal design: modeling and computation},
	author={Papalambros, Panos Y and Wilde, Douglass J},
	year={2000},
	publisher={Cambridge university press}
}
@article{babuvska1973finite,
	title={The finite element method with Lagrangian multipliers},
	author={Babu{\v{s}}ka, Ivo},
	journal={Numerische Mathematik},
	volume={20},
	number={3},
	pages={179--192},
	year={1973},
	publisher={Springer}
}
@article{bin2010geometric,
  title={A geometric multigrid method based on L-shaped coarsening for PDEs on stretched grids},
  author={Bin Zubair, H and MacLachlan, Scott P and Oosterlee, Cornelis Willebrordus},
  journal={Numerical Linear Algebra with Applications},
  volume={17},
  number={6},
  pages={871--894},
  year={2010},
  publisher={Wiley Online Library}
}
@article{ashby1996parallel,
  title={A parallel multigrid preconditioned conjugate gradient algorithm for groundwater flow simulations},
  author={Ashby, Steven F and Falgout, Robert D},
  journal={Nuclear Science and Engineering},
  volume={124},
  number={1},
  pages={145--159},
  year={1996},
  publisher={Taylor \& Francis}
}
@article{aage2017giga,
  title={Giga-voxel computational morphogenesis for structural design},
  author={Aage, Niels and Andreassen, Erik and Lazarov, Boyan S and Sigmund, Ole},
  journal={Nature},
  volume={550},
  number={7674},
  pages={84},
  year={2017},
  publisher={Nature Publishing Group}
}
@article{amir2014multigrid,
  title={On multigrid-CG for efficient topology optimization},
  author={Amir, Oded and Aage, Niels and Lazarov, Boyan S},
  journal={Structural and Multidisciplinary Optimization},
  volume={49},
  number={5},
  pages={815--829},
  year={2014},
  publisher={Springer}
}
@inproceedings{tatebe1994efficient,
  title={Efficient implementation of the multigrid preconditioned conjugate gradient method on distributed memory machines},
  author={Tatebe, Osamu and Oyanagi, Yoshio},
  booktitle={Proceedings of the 1994 ACM/IEEE conference on Supercomputing},
  pages={194--203},
  year={1994},
  organization={IEEE Computer Society Press}
}
@incollection{stuben2001review,
  title={A review of algebraic multigrid},
  author={St{\"u}ben, Klaus},
  booktitle={Numerical Analysis: Historical Developments in the 20th Century},
  pages={331--359},
  year={2001},
  publisher={Elsevier}
}
@article{kershaw1978incomplete,
  title={The incomplete Cholesky—conjugate gradient method for the iterative solution of systems of linear equations},
  author={Kershaw, David S},
  journal={Journal of computational physics},
  volume={26},
  number={1},
  pages={43--65},
  year={1978},
  publisher={Elsevier}
}
@book{hestenes1952methods,
  title={Methods of conjugate gradients for solving linear systems},
  author={Hestenes, Magnus Rudolph and Stiefel, Eduard},
  volume={49},
  number={1},
  year={1952},
  publisher={NBS Washington, DC}
}
@book{saad2003iterative,
  title={Iterative methods for sparse linear systems},
  author={Saad, Yousef},
  volume={82},
  year={2003},
  publisher={siam}
}
@book{davis2006direct,
  title={Direct methods for sparse linear systems},
  author={Davis, Timothy A},
  volume={2},
  year={2006},
  publisher={Siam}
}
@inproceedings{krog2004topology,
  title={Topology optimisation of aircraft wing box ribs},
  author={Krog, Lars and Tucker, Alastair and Kemp, Martin and Boyd, Richard},
  booktitle={10th AIAA/ISSMO multidisciplinary analysis and optimization conference},
  pages={4481},
  year={2004}
}
@article{puso20043d,
  title={A 3D mortar method for solid mechanics},
  author={Puso, Michael A},
  journal={International Journal for Numerical Methods in Engineering},
  volume={59},
  number={3},
  pages={315--336},
  year={2004},
  publisher={Wiley Online Library}
}
@article{bernardi1993domain,
  title={Domain decomposition by the mortar element method},
  author={Bernardi, Christine and Maday, Yvon and Patera, Anthony T},
  journal={Asymptotic and numerical methods for partial differential equations with critical parameters},
  volume={384},
  pages={269--286},
  year={1993},
  publisher={Springer}
}
@article{bernardi1989new,
  title={A new nonconforming approach to domain decomposition: the mortar element method},
  author={Bernardi, Christine},
  journal={Nonlinear partial equations and their applications},
  year={1989},
  publisher={Pitman}
}
@article{puso2004mortar,
  title={A mortar segment-to-segment contact method for large deformation solid mechanics},
  author={Puso, Michael A and Laursen, Tod A},
  journal={Computer methods in applied mechanics and engineering},
  volume={193},
  number={6},
  pages={601--629},
  year={2004},
  publisher={Elsevier}
}
@article{deparis2014rescaled,
  title={A rescaled localized radial basis function interpolation on non-Cartesian and nonconforming grids},
  author={Deparis, Simone and Forti, Davide and Quarteroni, Alfio},
  journal={SIAM Journal on Scientific Computing},
  volume={36},
  number={6},
  pages={A2745--A2762},
  year={2014},
  publisher={SIAM}
}
@article{coniglio2018weighted,
  title={Weighted Average Continuity Approach and Moment Correction: New Strategies for Non-consistent Mesh Projection in Structural Mechanics},
  author={Coniglio, Simone and Gogu, Christian and Morlier, Joseph},
  journal={Archives of Computational Methods in Engineering},
  pages={1--29},
  year={2018},
  publisher={Springer Verlag (Germany)}
}
@article{liu2016survey,
  title={A survey of manufacturing oriented topology optimization methods},
  author={Liu, Jikai and Ma, Yongsheng},
  journal={Advances in Engineering Software},
  volume={100},
  pages={161--175},
  year={2016},
  publisher={Elsevier}
}
@article{zhang2016lagrangian,
  title={Lagrangian description based topology optimization—a revival of shape optimization},
  author={Zhang, Weisheng and Zhang, Jian and Guo, Xu},
  journal={Journal of Applied Mechanics},
  volume={83},
  number={4},
  pages={041010},
  year={2016},
  publisher={American Society of Mechanical Engineers}
}
@article{zhang2018moving,
  title={A Moving Morphable Void (MMV)-based explicit approach for topology optimization considering stress constraints},
  author={Zhang, Weisheng and Li, Dong and Zhou, Jianhua and Du, Zongliang and Li, Baojun and Guo, Xu},
  journal={Computer Methods in Applied Mechanics and Engineering},
  volume={334},
  pages={381--413},
  year={2018},
  publisher={Elsevier}
}
@article{sun2018topology,
  title={Topology optimization of a three-dimensional flexible multibody system via moving morphable components},
  author={Sun, Jialiang and Tian, Qiang and Hu, Haiyan},
  journal={Journal of Computational and Nonlinear Dynamics},
  volume={13},
  number={2},
  pages={021010},
  year={2018},
  publisher={American Society of Mechanical Engineers}
}
@article{altman1992introduction,
  title={An introduction to kernel and nearest-neighbor nonparametric regression},
  author={Altman, Naomi S},
  journal={The American Statistician},
  volume={46},
  number={3},
  pages={175--185},
  year={1992},
  publisher={Taylor \& Francis Group}
}
@article{smola2004tutorial,
  title={A tutorial on support vector regression},
  author={Smola, Alex J and Sch{\"o}lkopf, Bernhard},
  journal={Statistics and computing},
  volume={14},
  number={3},
  pages={199--222},
  year={2004},
  publisher={Springer}
}
@article{lei2019machine,
  title={Machine learning-driven real-time topology optimization under moving morphable component-based framework},
  author={Lei, Xin and Liu, Chang and Du, Zongliang and Zhang, Weisheng and Guo, Xu},
  journal={Journal of Applied Mechanics},
  volume={86},
  number={1},
  pages={011004},
  year={2019},
  publisher={American Society of Mechanical Engineers}
}
@article{takalloozadeh2017implementation,
  title={Implementation of topological derivative in the moving morphable components approach},
  author={Takalloozadeh, Meisam and Yoon, Gil Ho},
  journal={Finite Elements in Analysis and Design},
  volume={134},
  pages={16--26},
  year={2017},
  publisher={Elsevier}
}
@article{hou2017explicit,
  title={Explicit isogeometric topology optimization using moving morphable components},
  author={Hou, Wenbin and Gai, Yundong and Zhu, Xuefeng and Wang, Xuan and Zhao, Chao and Xu, Longkun and Jiang, Kai and Hu, Ping},
  journal={Computer Methods in Applied Mechanics and Engineering},
  volume={326},
  pages={694--712},
  year={2017},
  publisher={Elsevier}
}
@article{zhang2018topology,
  title={Topology optimization with multiple materials via moving morphable component (MMC) method},
  author={Zhang, Weisheng and Song, Junfu and Zhou, Jianhua and Du, Zongliang and Zhu, Yichao and Sun, Zhi and Guo, Xu},
  journal={International Journal for Numerical Methods in Engineering},
  volume={113},
  number={11},
  pages={1653--1675},
  year={2018},
  publisher={Wiley Online Library}
}
@article{zhang2017comprehensive,
  title={A comprehensive study of feature definitions with solids and voids for topology optimization},
  author={Zhang, Weihong and Zhou, Ying and Zhu, Jihong},
  journal={Computer Methods in Applied Mechanics and Engineering},
  volume={325},
  pages={289--313},
  year={2017},
  publisher={Elsevier}
}
@article{zhang2017optimal,
  title={Optimal design of panel reinforcements with ribs made of plates},
  author={Zhang, Shanglong and Norato, Juli{\'a}n A},
  journal={Journal of Mechanical Design},
  volume={139},
  number={8},
  pages={081403},
  year={2017},
  publisher={American Society of Mechanical Engineers}
}
@article{zhang2017structural,
  title={Structural complexity control in topology optimization via moving morphable component (MMC) approach},
  author={Zhang, Weisheng and Zhou, Jianhua and Zhu, Yichao and Guo, Xu},
  journal={Structural and Multidisciplinary Optimization},
  volume={56},
  number={3},
  pages={535--552},
  year={2017},
  publisher={Springer}
}
@article{deng2016design,
  title={Design for structural flexibility using connected morphable components based topology optimization},
  author={Deng, JiaDong and Chen, Wei},
  journal={Science China Technological Sciences},
  volume={59},
  number={6},
  pages={839--851},
  year={2016},
  publisher={Springer}
}
@article{liu2017additive,
  title={Additive manufacturing-oriented design of graded lattice structures through explicit topology optimization},
  author={Liu, Chang and Du, Zongliang and Zhang, Weisheng and Zhu, Yichao and Guo, Xu},
  journal={Journal of Applied Mechanics},
  volume={84},
  number={8},
  pages={081008},
  year={2017},
  publisher={American Society of Mechanical Engineers}
}
@article{zhang2017explicit,
  title={Explicit three dimensional topology optimization via Moving Morphable Void (MMV) approach},
  author={Zhang, Weisheng and Chen, Jishun and Zhu, Xuefeng and Zhou, Jianhua and Xue, Dingchuan and Lei, Xin and Guo, Xu},
  journal={Computer Methods in Applied Mechanics and Engineering},
  volume={322},
  pages={590--614},
  year={2017},
  publisher={Elsevier}
}
@article{guo2017self,
  title={Self-supporting structure design in additive manufacturing through explicit topology optimization},
  author={Guo, Xu and Zhou, Jianhua and Zhang, Weisheng and Du, Zongliang and Liu, Chang and Liu, Ying},
  journal={Computer Methods in Applied Mechanics and Engineering},
  volume={323},
  pages={27--63},
  year={2017},
  publisher={Elsevier}
}
@article{zhang2017structuralo,
  title={Structural topology optimization through explicit boundary evolution},
  author={Zhang, Weisheng and Yang, Wanying and Zhou, Jianhua and Li, Dong and Guo, Xu},
  journal={Journal of Applied Mechanics},
  volume={84},
  number={1},
  pages={011011},
  year={2017},
  publisher={American Society of Mechanical Engineers}
}
@article{zhang2016minimum,
  title={Minimum length scale control in structural topology optimization based on the Moving Morphable Components (MMC) approach},
  author={Zhang, Weisheng and Li, Dong and Zhang, Jian and Guo, Xu},
  journal={Computer Methods in Applied Mechanics and Engineering},
  volume={311},
  pages={327--355},
  year={2016},
  publisher={Elsevier}
}
@article{lin2015isocomp,
  title={ISOCOMP: Unified geometric and material composition for optimal topology design},
  author={Lin, Hung-Yun and Rayasam, Mahidhar and Subbarayan, Ganesh},
  journal={Structural and Multidisciplinary Optimization},
  volume={51},
  number={3},
  pages={687--703},
  year={2015},
  publisher={Springer}
}
@article{gogu2015improving,
  title={Improving the efficiency of large scale topology optimization through on-the-fly reduced order model construction},
  author={Gogu, Christian},
  journal={International Journal for Numerical Methods in Engineering},
  volume={101},
  number={4},
  pages={281--304},
  year={2015},
  publisher={Wiley Online Library}
}
@phdthesis{gedig2010framework,
  title={A framework for form-based conceptual design in structural engineering},
  author={Gedig, Michael},
  year={2010},
  school={University of British Columbia}
}
@article{yi2017identifying,
  title={Identifying boundaries of topology optimization results using basic parametric features},
  author={Yi, Guilian and Kim, Nam H},
  journal={Structural and Multidisciplinary Optimization},
  volume={55},
  number={5},
  pages={1641--1654},
  year={2017},
  publisher={Springer}
}

@techreport{liu2015thin,
  title={Thin-walled compliant mechanism component design assisted by machine learning and multiple surrogates},
  author={Liu, Kai and Tovar, Andres and Nutwell, Emily and Detwiler, Duane},
  year={2015},
  institution={SAE Technical Paper}
}

@article{liu2014efficient,
  title={An efficient 3D topology optimization code written in Matlab},
  author={Liu, Kai and Tovar, Andr{\'e}s},
  journal={Structural and Multidisciplinary Optimization},
  volume={50},
  number={6},
  pages={1175--1196},
  year={2014},
  publisher={Springer}
}

@article{suresh2013efficient,
  title={Efficient generation of large-scale pareto-optimal topologies},
  author={Suresh, Krishnan},
  journal={Structural and Multidisciplinary Optimization},
  volume={47},
  number={1},
  pages={49--61},
  year={2013},
  publisher={Springer}
}
@article{suresh2010199,
  title={A 199-line Matlab code for Pareto-optimal tracing in topology optimization},
  author={Suresh, Krishnan},
  journal={Structural and Multidisciplinary Optimization},
  volume={42},
  number={5},
  pages={665--679},
  year={2010},
  publisher={Springer}
}
@article{zhou2016feature,
  title={Feature-driven topology optimization method with signed distance function},
  author={Zhou, Ying and Zhang, Weihong and Zhu, Jihong and Xu, Zhao},
  journal={Computer Methods in Applied Mechanics and Engineering},
  volume={310},
  pages={1--32},
  year={2016},
  publisher={Elsevier}
}
@article{wang2018explicit,
  title={An explicit optimization model for integrated layout design of planar multi-component systems using moving morphable bars},
  author={Wang, Xuan and Long, Kai and Hoang, Van-Nam and Hu, Ping},
  journal={Computer Methods in Applied Mechanics and Engineering},
  volume={342},
  pages={46--70},
  year={2018},
  publisher={Elsevier}
}
@article{cai2014stress,
  title={Stress constrained shape and topology optimization with fixed mesh: A B-spline finite cell method combined with level set function},
  author={Cai, Shouyu and Zhang, Weihong and Zhu, Jihong and Gao, Tong},
  journal={Computer Methods in Applied Mechanics and Engineering},
  volume={278},
  pages={361--387},
  year={2014},
  publisher={Elsevier}
}
@inproceedings{norato2015geometry,
  title={A Geometry Projection Method for the Optimal Distribution of Short Fiber Reinforcements},
  author={Norato, Juli{\'a}n A},
  booktitle={ASME 2015 International Design Engineering Technical Conferences and Computers and Information in Engineering Conference},
  pages={V02BT03A010--V02BT03A010},
  year={2015},
  organization={American Society of Mechanical Engineers}
}
@inproceedings{zhang2018finding,
  title={Finding Better Local Optima in Topology Optimization via Tunneling},
  author={Zhang, Shanglong and Norato, Juli{\'a}n A},
  booktitle={ASME 2018 International Design Engineering Technical Conferences and Computers and Information in Engineering Conference},
  pages={V02BT03A014--V02BT03A014},
  year={2018},
  organization={American Society of Mechanical Engineers}
}
@article{xue2019explicit,
  title={Explicit structural topology optimization under finite deformation via Moving Morphable Void (MMV) approach},
  author={Xue, Riye and Liu, Chang and Zhang, Weisheng and Zhu, Yichao and Tang, Shan and Du, Zongliang and Guo, Xu},
  journal={Computer Methods in Applied Mechanics and Engineering},
  volume={344},
  pages={798--818},
  year={2019},
  publisher={Elsevier}
}
@article{kazemi2018topology,
  title={Topology Optimization of Structures Made of Discrete Geometric Components With Different Materials},
  author={Kazemi, Hesaneh and Vaziri, Ashkan and Norato, Juli{\'a}n A},
  journal={Journal of Mechanical Design},
  volume={140},
  number={11},
  pages={111401},
  year={2018},
  publisher={American Society of Mechanical Engineers}
}
@article{zhu2018structural,
  title={Structural Topology Optimization Using a Moving Morphable Component-Based Method Considering Geometrical Nonlinearity},
  author={Zhu, Benliang and Chen, Qi and Wang, Rixin and Zhang, Xianmin},
  journal={Journal of Mechanical Design},
  volume={140},
  number={8},
  pages={081403},
  year={2018},
  publisher={American Society of Mechanical Engineers}
}
@article{zhang2017stress,
  title={Stress-based topology optimization with discrete geometric components},
  author={Zhang, Shanglong and Gain, Arun L and Norato, Juli{\'a}n A},
  journal={Computer Methods in Applied Mechanics and Engineering},
  volume={325},
  pages={1--21},
  year={2017},
  publisher={Elsevier}
}
@article{zhang2018movings,
  title={A Moving Morphable Component Based Topology Optimization Approach for Rib-Stiffened Structures Considering Buckling Constraints},
  author={Zhang, Weisheng and Liu, Ying and Du, Zongliang and Zhu, Yichao and Guo, Xu},
  journal={Journal of Mechanical Design},
  volume={140},
  number={11},
  pages={111404},
  year={2018},
  publisher={American Society of Mechanical Engineers}
}
@article{zhang2018geometry,
  title={A geometry projection method for the topology optimization of curved plate structures with placement bounds},
  author={Zhang, Shanglong and Gain, Arun L and Norato, Juli{\'a}n A},
  journal={International Journal for Numerical Methods in Engineering},
  volume={114},
  number={2},
  pages={128--146},
  year={2018},
  publisher={Wiley Online Library}
}
@article{watts2017geometric,
  title={A geometric projection method for designing three-dimensional open lattices with inverse homogenization},
  author={Watts, Seth and Tortorelli, Daniel A},
  journal={International Journal for Numerical Methods in Engineering},
  volume={112},
  number={11},
  pages={1564--1588},
  year={2017},
  publisher={Wiley Online Library}
}
@article{norato2004geometry,
  title={A geometry projection method for shape optimization},
  author={Norato, J and Haber, R and Tortorelli, D and Bends{\o}e, Martin P},
  journal={International Journal for Numerical Methods in Engineering},
  volume={60},
  number={14},
  pages={2289--2312},
  year={2004},
  publisher={Wiley Online Library}
}
@article{zhang2016geometry,
  title={A geometry projection method for the topology optimization of plate structures},
  author={Zhang, Shanglong and Norato, Juli{\'a}n A and Gain, Arun L and Lyu, Naesung},
  journal={Structural and Multidisciplinary Optimization},
  volume={54},
  number={5},
  pages={1173--1190},
  year={2016},
  publisher={Springer}
}
@inproceedings{bell2012geometry,
  title={A geometry projection method for continuum-based topology optimization of structures},
  author={Bell, Bryan and Norato, Julian and Tortorelli, Daniel},
  booktitle={12th AIAA Aviation Technology, Integration, and Operations (ATIO) Conference and 14th AIAA/ISSMO Multidisciplinary Analysis and Optimization Conference},
  volume={5485},
  year={2012}
}
@MastersThesis{overvelde2012moving,
  title={The Moving Node Approach in Topology Optimization},
  author={Overvelde, Johannes TB},
  year={2012},
  school={TU Delft, Delft University of Technology}
}
@article{zhang2016new,
  title={A new topology optimization approach based on Moving Morphable Components (MMC) and the ersatz material model},
  author={Zhang, Weisheng and Yuan, Jie and Zhang, Jian and Guo, Xu},
  journal={Structural and Multidisciplinary Optimization},
  volume={53},
  number={6},
  pages={1243--1260},
  year={2016},
  publisher={Springer}
}

@article{norato2015geometryde,
  title={A geometry projection method for continuum-based topology optimization with discrete elements},
  author={Norato, JA and Bell, BK and Tortorelli, DA},
  journal={Computer Methods in Applied Mechanics and Engineering},
  volume={293},
  pages={306--327},
  year={2015},
  publisher={Elsevier}
}

@article{zhang2017new,
  title={A new three-dimensional topology optimization method based on moving morphable components (MMCs)},
  author={Zhang, Weisheng and Li, Dong and Yuan, Jie and Song, Junfu and Guo, Xu},
  journal={Computational Mechanics},
  volume={59},
  number={4},
  pages={647--665},
  year={2017},
  publisher={Springer}
}
@article{guo2016explicit,
  title={Explicit structural topology optimization based on moving morphable components (MMC) with curved skeletons},
  author={Guo, Xu and Zhang, Weisheng and Zhang, Jian and Yuan, Jie},
  journal={Computer methods in applied mechanics and engineering},
  volume={310},
  pages={711--748},
  year={2016},
  publisher={Elsevier}
}
@article{liu2014level,
  title={A level-set-based topology and shape optimization method for continuum structure under geometric constraints},
  author={Liu, Tao and Wang, Shuting and Li, Bin and Gao, Liang},
  journal={Structural and Multidisciplinary Optimization},
  volume={50},
  number={2},
  pages={253--273},
  year={2014},
  publisher={Springer}
}
@article{guo2014doing,
  title={Doing topology optimization explicitly and geometrically—a new moving morphable components based framework},
  author={Guo, Xu and Zhang, Weisheng and Zhong, Wenliang},
  journal={Journal of Applied Mechanics},
  volume={81},
  number={8},
  pages={081009},
  year={2014},
  publisher={American Society of Mechanical Engineers}
}
@article{guo2014topology,
  title={Topology optimization based on moving deformable components: A new computational framework},
  author={Guo, Xu and Zhang, Weisheng and Zhong, Wenliang},
  journal={arXiv preprint arXiv:1404.4820},
  year={2014}
}

@article{nguyen2008meshless,
  title={Meshless methods: a review and computer implementation aspects},
  author={Nguyen, Vinh Phu and Rabczuk, Timon and Bordas, St{\'e}phane and Duflot, Marc},
  journal={Mathematics and computers in simulation},
  volume={79},
  number={3},
  pages={763--813},
  year={2008},
  publisher={Elsevier}
}

@book{chen2006meshless,
  title={Meshless methods in solid mechanics},
  author={Chen, Youping and Lee, James and Eskandarian, Azim},
  year={2006},
  publisher={Springer Science \& Business Media}
}
@article{kreissl2012levelset,
  title={Levelset based fluid topology optimization using the extended finite element method},
  author={Kreissl, Sebastian and Maute, Kurt},
  journal={Structural and Multidisciplinary Optimization},
  volume={46},
  number={3},
  pages={311--326},
  year={2012},
  publisher={Springer}
}
@article{wei2010study,
  title={A study on X-FEM in continuum structural optimization using a level set model},
  author={Wei, Peng and Wang, Michael Yu and Xing, Xianghua},
  journal={Computer-Aided Design},
  volume={42},
  number={8},
  pages={708--719},
  year={2010},
  publisher={Elsevier}
}
@article{van2007stress,
  title={Stress concentration minimization of 2D filets using X-FEM and level set description},
  author={Van Miegroet, Laurent and Duysinx, Pierre},
  journal={Structural and Multidisciplinary Optimization},
  volume={33},
  number={4-5},
  pages={425--438},
  year={2007},
  publisher={Springer}
}
@inproceedings{brackett2011topology,
  title={Topology optimization for additive manufacturing},
  author={Brackett, D and Ashcroft, I and Hague, R},
  booktitle={Proceedings of the Solid Freeform Fabrication Symposium, Austin, TX},
  pages={348--362},
  year={2011}
}
@article{liu2018efficient,
  title={An efficient Moving Morphable Component (MMC)-based approach for multi-resolution topology optimization},
  author={Liu, Chang and Zhu, Yichao and Sun, Zhi and Li, Dingding and Du, Zongliang and Zhang, Weisheng and Guo, Xu},
  journal={arXiv preprint arXiv:1805.02008},
  year={2018}
}
@article{svanberg1987method,
  title={The method of moving asymptotes—a new method for structural optimization},
  author={Svanberg, Krister},
  journal={International journal for numerical methods in engineering},
  volume={24},
  number={2},
  pages={359--373},
  year={1987},
  publisher={Wiley Online Library}
}
@article{svanberg2004some,
  title={Some modelling aspects for the Matlab implementation of MMA},
  author={Svanberg, Krister},
  journal={KTH Royal Institute of Technology, Stockholm},
  year={2004}
}
@article{kennedy2015improved,
  title={Improved constraint-aggregation methods},
  author={Kennedy, Graeme J and Hicken, Jason E},
  journal={Computer Methods in Applied Mechanics and Engineering},
  volume={289},
  pages={332--354},
  year={2015},
  publisher={Elsevier}
}
@inproceedings{duysinx1998new,
  title={New developments in handling stress constraints in optimal material distribution},
  author={Duysinx, Pierre and Sigmund, Ole},
  booktitle={7th AIAA/USAF/NASA/ISSMO symposium on multidisciplinary analysis and optimization},
  pages={4906},
  year={1998}
}
@article{guo2005new,
  title={A new approach for simultaneous shape and topology optimization based on dynamic implicit surface function},
  author={Guo, H and Zhao, Kang and Wang, Michael Yu},
  journal={Control and Cybernetics},
  volume={34},
  pages={255--282},
  year={2005}
}
@inproceedings{doubrovski2011optimal,
  title={Optimal design for additive manufacturing: opportunities and challenges},
  author={Doubrovski, Zjenja and Verlinden, Jouke C and Geraedts, Jo MP},
  booktitle={ASME 2011 International Design Engineering Technical Conferences and Computers and Information in Engineering Conference},
  pages={635--646},
  year={2011},
  organization={American Society of Mechanical Engineers}
}

@inproceedings{tomlin2011topology,
  title={Topology optimization of an additive layer manufactured (ALM) aerospace part},
  author={Tomlin, Matthew and Meyer, Jonathan},
  booktitle={Proceeding of the 7th Altair CAE technology conference},
  pages={1--9},
  year={2011}
}

@article{sun2014improved,
  title={An improved interpolating element-free Galerkin method based on nonsingular weight functions},
  author={Sun, FX and Liu, C and Cheng, YM},
  journal={Mathematical Problems in Engineering},
  volume={2014},
  year={2014},
  publisher={Hindawi Publishing Corporation}
}

@article{sigmund200199,
  title={A 99 line topology optimization code written in Matlab},
  author={Sigmund, Ole},
  journal={Structural and multidisciplinary optimization},
  volume={21},
  number={2},
  pages={120--127},
  year={2001},
  publisher={Springer}
}


@article{andreassen2011efficient,
  title={Efficient topology optimization in MATLAB using 88 lines of code},
  author={Andreassen, Erik and Clausen, Anders and Schevenels, Mattias and Lazarov, Boyan S and Sigmund, Ole},
  journal={Structural and Multidisciplinary Optimization},
  volume={43},
  number={1},
  pages={1--16},
  year={2011},
  publisher={Springer}
}


@article{zhao2014topology,
  title={Topology optimization with meshless density variable approximations and BESO method},
  author={Zhao, Fei},
  journal={Computer-Aided Design},
  volume={56},
  pages={1--10},
  year={2014},
  publisher={Elsevier}
}

@article{luo2013topology,
  title={Topology optimization of structures using meshless density variable approximants},
  author={Luo, Zhen and Zhang, Nong and Wang, Yu and Gao, Wei},
  journal={International Journal for Numerical Methods in Engineering},
  volume={93},
  number={4},
  pages={443--464},
  year={2013},
  publisher={Wiley Online Library}
}

@article{zheng2012topology,
  title={Topology optimization of free vibrating continuum structures based on the element free Galerkin method},
  author={Zheng, Juan and Long, Shuyao and Li, Guangyao},
  journal={Structural and Multidisciplinary Optimization},
  volume={45},
  number={1},
  pages={119--127},
  year={2012},
  publisher={Springer}
}

@article{xie1993simple,
  title={A simple evolutionary procedure for structural optimization},
  author={Xie, YM and Steven, Grant P},
  journal={Computers \& structures},
  volume={49},
  number={5},
  pages={885--896},
  year={1993},
  publisher={Elsevier}
}
@article{zhou1991coc,
  title={The COC algorithm, Part II: topological, geometrical and generalized shape optimization},
  author={Zhou, M and Rozvany, GIN},
  journal={Computer Methods in Applied Mechanics and Engineering},
  volume={89},
  number={1-3},
  pages={309--336},
  year={1991},
  publisher={Elsevier}
}
@article{chen2007shape,
  title={Shape optimization with topological changes and parametric control},
  author={Chen, Jiaqin and Shapiro, Vadim and Suresh, Krishnan and Tsukanov, Igor},
  journal={International journal for numerical methods in engineering},
  volume={71},
  number={3},
  pages={313--346},
  year={2007},
  publisher={Wiley Online Library}
}
@article{eschenauer1994bubble,
  title={Bubble method for topology and shape optimization of structures},
  author={Eschenauer, Hans A and Kobelev, Vladimir V and Schumacher, Axel},
  journal={Structural optimization},
  volume={8},
  number={1},
  pages={42--51},
  year={1994},
  publisher={Springer}
}
@article{norato2018topology,
  title={Topology optimization with supershapes},
  author={Norato, Juli{\'a}n A},
  journal={Structural and Multidisciplinary Optimization},
  volume={58},
  number={2},
  pages={415--434},
  year={2018},
  publisher={Springer}
}
@article{zhu2008simultaneous,
  title={Simultaneous design of components layout and supporting structures using coupled shape and topology optimization technique},
  author={Zhu, Jihong and Zhang, Weihong and Beckers, Pierre and Chen, Yuze and Guo, Zhongze},
  journal={Structural and Multidisciplinary Optimization},
  volume={36},
  number={1},
  pages={29--41},
  year={2008},
  publisher={Springer}
}
@article{zhou2013engineering,
  title={Engineering feature design for level set based structural optimization},
  author={Zhou, Mingdong and Wang, Michael Yu},
  journal={Computer-Aided Design},
  volume={45},
  number={12},
  pages={1524--1537},
  year={2013},
  publisher={Elsevier}
}
@article{zhang2015explicit,
  title={Explicit layout control in optimal design of structural systems with multiple embedding components},
  author={Zhang, Weisheng and Zhong, Wenliang and Guo, Xu},
  journal={Computer Methods in Applied Mechanics and Engineering},
  volume={290},
  pages={290--313},
  year={2015},
  publisher={Elsevier}
}
@article{zhang2011some,
  title={Some recent advances in the integrated layout design of multicomponent systems},
  author={Zhang, Weihong and Xia, Liang and Zhu, Jihong and Zhang, Qiao},
  journal={Journal of Mechanical Design},
  volume={133},
  number={10},
  pages={104503},
  year={2011},
  publisher={American Society of Mechanical Engineers}
}
@article{xia2012sensitivity,
  title={Sensitivity analysis with the modified Heaviside function for the optimal layout design of multi-component systems},
  author={Xia, Liang and Zhu, Jihong and Zhang, Weihong},
  journal={Computer Methods in Applied Mechanics and Engineering},
  volume={241},
  pages={142--154},
  year={2012},
  publisher={Elsevier}
}
@article{qian2004optimal,
  title={Optimal embedding of rigid objects in the topology design of structures},
  author={Qian, Zhongyan and Ananthasuresh, GK},
  journal={Mechanics Based Design of Structures and Machines},
  volume={32},
  number={2},
  pages={165--193},
  year={2004},
  publisher={Taylor \& Francis}
}
@article{stanford2014optimal,
  title={Optimal topology of aircraft rib and spar structures under aeroelastic loads},
  author={Stanford, Bret K and Dunning, Peter D},
  journal={Journal of Aircraft},
  volume={52},
  number={4},
  pages={1298--1311},
  year={2014},
  publisher={American Institute of Aeronautics and Astronautics}
}
@incollection{kreisselmeier1980systematic,
  title={Systematic control design by optimizing a vector performance index},
  author={Kreisselmeier, G and Steinhauser, R},
  booktitle={Computer aided design of control systems},
  pages={113--117},
  year={1980},
  publisher={Elsevier}
}
@article{allaire2004structural,
  title={Structural optimization using sensitivity analysis and a level-set method},
  author={Allaire, Gr{\'e}goire and Jouve, Fran{\c{c}}ois and Toader, Anca-Maria},
  journal={Journal of computational physics},
  volume={194},
  number={1},
  pages={363--393},
  year={2004},
  publisher={Elsevier}
}
@article{wang2003level,
  title={A level set method for structural topology optimization},
  author={Wang, Michael Yu and Wang, Xiaoming and Guo, Dongming},
  journal={Computer methods in applied mechanics and engineering},
  volume={192},
  number={1},
  pages={227--246},
  year={2003},
  publisher={Elsevier}
}
@article{bendsoe1989optimal,
  title={Optimal shape design as a material distribution problem},
  author={Bends{\o}e, Martin P},
  journal={Structural optimization},
  volume={1},
  number={4},
  pages={193--202},
  year={1989},
  publisher={Springer}
}

@article{bendsoe1988generating,
  title={Generating optimal topologies in structural design using a homogenization method},
  author={Bends{\o}e, Martin Philip and Kikuchi, Noboru},
  journal={Computer methods in applied mechanics and engineering},
  volume={71},
  number={2},
  pages={197--224},
  year={1988},
  publisher={Elsevier}
}
@article{hoang2017topology,
  title={Topology optimization using moving morphable bars for versatile thickness control},
  author={Hoang, Van-Nam and Jang, Gang-Won},
  journal={Computer Methods in Applied Mechanics and Engineering},
  volume={317},
  pages={153--173},
  year={2017},
  publisher={Elsevier}
}
@article{wang2012high,
  title={High-performance slow light photonic crystal waveguides with topology optimized or circular-hole based material layouts},
  author={Wang, Fengwen and Jensen, Jakob S and Sigmund, Ole},
  journal={Photonics and Nanostructures-Fundamentals and Applications},
  volume={10},
  number={4},
  pages={378--388},
  year={2012},
  publisher={Elsevier}
}
@article{saxena2011circular,
  title={Are circular shaped masks adequate in adaptive mask overlay topology synthesis method?},
  author={Saxena, Anupam},
  journal={Journal of Mechanical Design},
  volume={133},
  number={1},
  pages={011001},
  year={2011},
  publisher={American Society of Mechanical Engineers}
}
@article{seo2010isogeometric,
  title={Isogeometric topology optimization using trimmed spline surfaces},
  author={Seo, Yu-Deok and Kim, Hyun-Jung and Youn, Sung-Kie},
  journal={Computer Methods in Applied Mechanics and Engineering},
  volume={199},
  number={49-52},
  pages={3270--3296},
  year={2010},
  publisher={Elsevier}
}
@inproceedings{cheng2006feature,
  title={A feature-based structural topology optimization method},
  author={Cheng, Gengdong and Mei, Yulin and Wang, Xiaoming},
  booktitle={IUTAM Symposium on Topological Design Optimization of Structures, Machines and Materials},
  pages={505--514},
  year={2006},
  organization={Springer}
}
@article{chen2008shape,
  title={Shape feature control in structural topology optimization},
  author={Chen, Shikui and Wang, Michael Yu and Liu, Ai Qun},
  journal={Computer-Aided Design},
  volume={40},
  number={9},
  pages={951--962},
  year={2008},
  publisher={Elsevier}
}
@article{liu_current_2018,
	title = {Current and future trends in topology optimization for additive manufacturing},
	journal = {Structural and Multidisciplinary Optimization},
	author = {Liu, Jikai and Gaynor, Andrew T. and Chen, Shikui and Kang, Zhan and Suresh, Krishnan and Takezawa, Akihiro and Li, Lei and Kato, Junji and Tang, Jinyuan and Wang, Charlie CL},
	year = {2018},
	pages = {1--27},
	file = {Full Text:C\:\\Users\\simon\\Zotero\\storage\\ZAYYQMYL\\s00158-018-1994-3.html:text/html}
}
@article{xia2015design,
  title={Design of materials using topology optimization and energy-based homogenization approach in Matlab},
  author={Xia, Liang and Breitkopf, Piotr},
  journal={Structural and Multidisciplinary Optimization},
  volume={52},
  number={6},
  pages={1229--1241},
  year={2015},
  publisher={Springer}
}

@article{liu2014efficient,
  title={An efficient 3D topology optimization code written in Matlab},
  author={Liu, Kai and Tovar, Andr{\'e}s},
  journal={Structural and Multidisciplinary Optimization},
  volume={50},
  number={6},
  pages={1175--1196},
  year={2014},
  publisher={Springer}
}

@article{sethian2000structural,
  title={Structural boundary design via level set and immersed interface methods},
  author={Sethian, James A and Wiegmann, Andreas},
  journal={Journal of computational physics},
  volume={163},
  number={2},
  pages={489--528},
  year={2000},
  publisher={Elsevier}
}

@book{craveur2014optimisation,
  title={Optimisation des structures m{\'e}caniques: methodes num{\'e}riques et {\'e}l{\'e}ments finis},
  author={Craveur, Jean-Charles and Bruyneel, Michael and Gourmelen, Pierre},
  year={2014},
  publisher={Dunod}
}

@article{haber1996new,
  title={A new approach to variable-topology shape design using a constraint on perimeter},
  author={Haber, RB and Jog, CS and Bends{\o}e, Martin P},
  journal={Structural Optimization},
  volume={11},
  number={1-2},
  pages={1--12},
  year={1996},
  publisher={Springer}
}

@phdThesis{sigmund1994design,
  title={Design of Materials Structures Using Topology Optimization},
  author={Sigmund, Ole},
  year={1994},
  school={Department of Solid Mechanics, Technical University of Denmark}
}

@article{belytschko1994element,
  title={Element-free Galerkin methods},
  author={Belytschko, Ted and Lu, Yun Yun and Gu, Lei},
  journal={International journal for numerical methods in engineering},
  volume={37},
  number={2},
  pages={229--256},
  year={1994},
  publisher={Wiley Online Library}
}

@book{nocedal2006numerical,
  title={Numerical optimization},
  author={Nocedal, Jorge and Wright, Stephen},
  year={2006},
  publisher={Springer Science \& Business Media}
}
@article{borrvall2001topology,
  title={Topology optimization of elastic continua using restriction},
  author={Borrvall, Thomas},
  journal={Archives of Computational Methods in Engineering},
  volume={8},
  number={4},
  pages={351--385},
  year={2001},
  publisher={Springer}
}
@article{xia2018bi,
  title={Bi-directional evolutionary structural optimization on advanced structures and materials: a comprehensive review},
  author={Xia, Liang and Xia, Qi and Huang, Xiaodong and Xie, Yi Min},
  journal={Archives of Computational Methods in Engineering},
  volume={25},
  number={2},
  pages={437--478},
  year={2018},
  publisher={Springer}
}
@book{bendsoe1995optimization,
  title={Optimization of structural topology, shape, and material},
  author={Bends{\o}e, Martin P and Sigmund, Ole},
  volume={414},
  year={1995},
  publisher={Springer}
}
@article{zhu2016topology,
  title={Topology optimization in aircraft and aerospace structures design},
  author={Zhu, Ji-Hong and Zhang, Wei-Hong and Xia, Liang},
  journal={Archives of Computational Methods in Engineering},
  volume={23},
  number={4},
  pages={595--622},
  year={2016},
  publisher={Springer}
}
@inproceedings{coniglio2017pylon,
  title={Pylon and engine mounts performance driven structural topology optimization},
  author={Coniglio, Simone and Gogu, Christian and Amargier, R{\'e}mi and Morlier, Joseph},
  booktitle={World Congress of Structural and Multidisciplinary Optimisation},
  pages={1349--1363},
  year={2017},
  organization={Springer}
}

@inproceedings{coniglio2018original,
  title={Original Pylon Architecture Design Using 3D HPC Topology Optimization},
  author={Coniglio, Simone and Morlier, Joseph and Gogu, Christian and Amargier, R{\'e}mi},
  booktitle={2018 AIAA/ASCE/AHS/ASC Structures, Structural Dynamics, and Materials Conference},
  pages={1388},
  year={2018}
}
@article{svanberg2002class,
  title={A class of globally convergent optimization methods based on conservative convex separable approximations},
  author={Svanberg, Krister},
  journal={SIAM journal on optimization},
  volume={12},
  number={2},
  pages={555--573},
  year={2002},
  publisher={SIAM}
}
@MastersThesis{pesare2013,
  title={Topology Optimization of Compliant Mechanisms},
  author={Giovanni Pesare},
  year={2013},
  school={Sapienza - Universit\`{a} di Roma}
}
@article{barlow1982constraint,
  title={Constraint relationships in linear and nonlinear finite element analyses},
  author={Barlow, John},
  journal={International Journal for Numerical Methods in Engineering},
  volume={18},
  number={4},
  pages={521--533},
  year={1982},
  publisher={Wiley Online Library}
}

@article{aminpour1995coupled,
  title={A coupled analysis method for structures with independently modelled finite element subdomains},
  author={Aminpour, Mohammad A and Ransom, Jonathan B and McCleary, Susan L},
  journal={International Journal for Numerical Methods in Engineering},
  volume={38},
  number={21},
  pages={3695--3718},
  year={1995},
  publisher={Wiley Online Library}
}
@misc{foley1996computer,
  title={Computer Graphics Principles \& Practice Second Edition in C},
  author={Foley James D and Van, Dam A},
  year={1996},
  publisher={Addision Wesley}
}
@article{de2007review,
  title={Review of coupling methods for non-matching meshes},
  author={De Boer, A and Van Zuijlen, AH and Bijl, H},
  journal={Computer methods in applied mechanics and engineering},
  volume={196},
  number={8},
  pages={1515--1525},
  year={2007},
  publisher={Elsevier}
}
@article{park2002simpl,
  title={A simple algorithm for localized construction of non-matching structural interfaces},
  author={Park, KC and Felippa, CA and Rebel, G},
  journal={International Journal for Numerical Methods in Engineering},
  volume={53},
  number={9},
  pages={2117--2142},
  year={2002},
  publisher={Wiley Online Library}
}
@article{cho2005improved,
  title={An improved interface element with variable nodes for non-matching finite element meshes},
  author={Cho, Young-Sam and Jun, Sukky and Im, Seyoung and Kim, Hyun-Gyu},
  journal={Computer Methods in Applied Mechanics and Engineering},
  volume={194},
  number={27},
  pages={3022--3046},
  year={2005},
  publisher={Elsevier}
}
@article{cho2006mls,
  title={MLS-based variable-node elements compatible with quadratic interpolation. Part I: formulation and application for non-matching meshes},
  author={Cho, Young-Sam and Im, Seyoung},
  journal={International journal for numerical methods in engineering},
  volume={65},
  number={4},
  pages={494--516},
  year={2006},
  publisher={Wiley Online Library}
}
@article{cho2006mlsII,
  title={MLS-based variable-node elements compatible with quadratic interpolation. Part II: application for finite crack element},
  author={Cho, Young-Sam and Im, Seyoung},
  journal={International Journal for Numerical Methods in Engineering},
  volume={65},
  number={4},
  pages={517--547},
  year={2006},
  publisher={Wiley Online Library}
}
@article{lim2007mls,
  title={MLS (moving least square)-based finite elements for three-dimensional nonmatching meshes and adaptive mesh refinement},
  author={Lim, Jae Hyuk and Im, Seyoung and Cho, Young-Sam},
  journal={Computer methods in applied mechanics and engineering},
  volume={196},
  number={17},
  pages={2216--2228},
  year={2007},
  publisher={Elsevier}
}
@article{kim2003interface,
  title={Interface element method: Treatment of non-matching nodes at the ends of interfaces between partitioned domains},
  author={Kim, Hyun-Gyu},
  journal={Computer methods in applied mechanics and engineering},
  volume={192},
  number={15},
  pages={1841--1858},
  year={2003},
  publisher={Elsevier}
}

@article{lim2007variable,
  title={Variable-node elements for non-matching meshes by means of MLS (moving least-square) scheme},
  author={Lim, Jae Hyuk and Im, Seyoung and Cho, Young-Sam},
  journal={International Journal for Numerical Methods in Engineering},
  volume={72},
  number={7},
  pages={835--857},
  year={2007},
  publisher={Wiley Online Library}
}
@article{tian2007non,
  title={Non-matching mesh gluing by meshless interpolation—an alternative to Lagrange multipliers},
  author={Tian, Rong and Yagawa, Genki},
  journal={International journal for numerical methods in engineering},
  volume={71},
  number={4},
  pages={473--503},
  year={2007},
  publisher={Wiley Online Library}
}

@article{duarte2008analysis,
  title={Analysis and applications of a generalized finite element method with global--local enrichment functions},
  author={Duarte, C Armando and Kim, D-J},
  journal={Computer Methods in Applied Mechanics and Engineering},
  volume={197},
  number={6},
  pages={487--504},
  year={2008},
  publisher={Elsevier}
}
@article{dohrmann2000method,
  title={A method for connecting dissimilar finite element meshes in two dimensions},
  author={Dohrmann, CR and Key, SW and Heinstein, MW},
  journal={International Journal for Numerical Methods in Engineering},
  volume={48},
  number={5},
  pages={655--678},
  year={2000},
  publisher={Wiley Online Library}
}
@article{dohrmann2000methods,
  title={Methods for connecting dissimilar three-dimensional finite element meshes},
  author={Dohrmann, CR and Key, SW and Heinstein, MW},
  journal={International Journal for Numerical Methods in Engineering},
  volume={47},
  number={5},
  pages={1057--1080},
  year={2000},
  publisher={Wiley Online Library}
}
@article{bochev2007least,
  title={A least-squares method for consistent mesh tying},
  author={Bochev, Pavel and Day, David},
  journal={Int. J. Num. Anal. and Modeling},
  volume={4},
  pages={342--352},
  year={2007}
}
@article{bitencourt2015coupling,
  title={A coupling technique for non-matching finite element meshes},
  author={Bitencourt, Lu{\'\i}s AG and Manzoli, Osvaldo L and Prazeres, Plinio GC and Rodrigues, Eduardo A and Bittencourt, Tulio N},
  journal={Computer Methods in Applied Mechanics and Engineering},
  volume={290},
  pages={19--44},
  year={2015},
  publisher={Elsevier}
}

@article{jeong2017element,
  title={Element-Independent Implementation for Method of Lagrange Multipliers},
  author={Jeong, Gil-Eon and Youn, Sung-Kie and Park, KC},
  journal={World Academy of Science, Engineering and Technology, International Journal of Mechanical, Aerospace, Industrial, Mechatronic and Manufacturing Engineering},
  volume={11},
  number={2},
  pages={343--347},
  year={2017}
}
@article{cafiero2016domain,
  title={The domain interface method: a general-purpose non-intrusive technique for non-conforming domain decomposition problems},
  author={Cafiero, M and Lloberas-Valls, Oriol and Cante, J and Oliver, J},
  journal={Computational mechanics},
  volume={57},
  pages={555},
  year={2016},
  publisher={Springer}
}
@article{lloberas2017domain,
  title={The domain interface method in non-conforming domain decomposition multifield problems},
  author={Lloberas-Valls, Oriol and Cafiero, M and Cante, J and Ferrer, A and Oliver, J},
  journal={Computational Mechanics},
  volume={59},
  number={4},
  pages={579--610},
  year={2017},
  publisher={Springer}
}

@article{nitsche1971variationsprinzip,
  title={{\"U}ber ein Variationsprinzip zur L{\"o}sung von Dirichlet-Problemen bei Verwendung von Teilr{\"a}umen, die keinen Randbedingungen unterworfen sind},
  author={Nitsche, Joachim},
  booktitle={Abhandlungen aus dem mathematischen Seminar der Universit{\"a}t Hamburg},
  volume={36},
  number={1},
  pages={9--15},
  year={1971},
  organization={Springer}
}
@article{gander2013algorithm,
  title={Algorithm 932: PANG: software for nonmatching grid projections in 2D and 3D with linear complexity},
  author={Gander, Martin J and Japhet, Caroline},
  journal={ACM Transactions on Mathematical Software (TOMS)},
  volume={40},
  number={1},
  pages={6},
  year={2013},
  publisher={ACM}
}
@article{laursen2003consistent,
  title={Consistent mesh tying methods for topologically distinct discretized surfaces in non-linear solid mechanics},
  author={Laursen, TA and Heinstein, MW},
  journal={International journal for numerical methods in engineering},
  volume={57},
  number={9},
  pages={1197--1242},
  year={2003},
  publisher={Wiley Online Library}
}
@article{babuvska1997babuvska,
  title={The Babu{\v{s}}ka-Brezzi condition and the patch test: an example},
  author={Babu{\v{s}}ka, Ivo and Narasimhan, R},
  journal={Computer methods in applied mechanics and engineering},
  volume={140},
  number={1-2},
  pages={183--199},
  year={1997},
  publisher={Elsevier}
}
@phdthesis{rixen1997substructuring,
  title={Substructuring and dual methods in structural analysis},
  author={Rixen, Daniel J},
  year={1997},
  organization={Publications de la Facult{\'e} des Sciences appliqu{\'e}es}
}
@article{becker2003finite,
  title={A finite element method for domain decomposition with non-matching grids},
  author={Becker, Roland and Hansbo, Peter and Stenberg, Rolf},
  journal={ESAIM: Mathematical Modelling and Numerical Analysis},
  volume={37},
  number={2},
  pages={209--225},
  year={2003},
  publisher={EDP Sciences}
}
@article{herry2002approach,
  title={An approach to the connection between subdomains with non-matching meshes for transient mechanical analysis},
  author={Herry, B and Di Valentin, L and Combescure, Alain},
  journal={International Journal for Numerical Methods in Engineering},
  volume={55},
  number={8},
  pages={973--1003},
  year={2002},
  publisher={Wiley Online Library}
}
@article{heintz2006stabilized,
  title={Stabilized Lagrange multiplier methods for bilateral elastic contact with friction},
  author={Heintz, Per and Hansbo, Peter},
  journal={Computer methods in applied mechanics and engineering},
  volume={195},
  number={33},
  pages={4323--4333},
  year={2006},
  publisher={Elsevier}
}
@article{gervasio2016analysis,
  title={Analysis of the internodes method for non-conforming discretizations of elliptic equations},
  author={Gervasio, Paola and Quarteroni, Alfio},
  year={2016}
}
@article{deparis2016internodes,
  title={INTERNODES: an accurate interpolation-based method for coupling the Galerkin solutions of PDEs on subdomains featuring non-conforming interfaces},
  author={Deparis, Simone and Forti, Davide and Gervasio, Paola and Quarteroni, Alfio},
  journal={Computers \& Fluids},
  volume={141},
  pages={22--41},
  year={2016},
  publisher={Elsevier}
}
@article{duval2016non,
  title={Non-intrusive coupling: recent advances and scalable nonlinear domain decomposition},
  author={Duval, Micka{\"e}l and Passieux, Jean-Charles and Sala{\"u}n, Michel and Guinard, St{\'e}phane},
  journal={Archives of Computational Methods in Engineering},
  volume={23},
  number={1},
  pages={17},
  year={2016},
  publisher={Springer Science \& Business Media}
}
@article{farhat1991method,
  title={A method of finite element tearing and interconnecting and its parallel solution algorithm},
  author={Farhat, Charbel and Roux, Francois-Xavier},
  journal={International Journal for Numerical Methods in Engineering},
  volume={32},
  number={6},
  pages={1205--1227},
  year={1991},
  publisher={Wiley Online Library}
}
@article{mandel1993balancing,
  title={Balancing domain decomposition},
  author={Mandel, Jan},
  journal={International Journal for Numerical Methods in Biomedical Engineering},
  volume={9},
  number={3},
  pages={233--241},
  year={1993},
  publisher={Wiley Online Library}
}
@article{liu2014non,
  title={A non-intrusive global/local algorithm with non-matching interface: derivation and numerical validation},
  author={Liu, YJ and Sun, Qin and Fan, XL},
  journal={Computer Methods in Applied Mechanics and Engineering},
  volume={277},
  pages={81--103},
  year={2014},
  publisher={Elsevier}
}

@article{lloberas2012micro,
  title={On micro-to-macro connections in domain decomposition multiscale methods},
  author={Lloberas-Valls, O and Rixen, DJ and Simone, A and Sluys, LJ},
  journal={Computer Methods in Applied Mechanics and Engineering},
  volume={225},
  pages={177--196},
  year={2012},
  publisher={Elsevier}
}
@article{lloberas2012multiscale,
  title={Multiscale domain decomposition analysis of quasi-brittle heterogeneous materials},
  author={Lloberas-Valls, O and Rixen, DJ and Simone, A and Sluys, LJ},
  journal={International Journal for Numerical Methods in Engineering},
  volume={89},
  number={11},
  pages={1337--1366},
  year={2012},
  publisher={Wiley Online Library}
}
@article{quiroz1995non,
  title={Non-conforming mesh gluing in the finite elements method},
  author={Quiroz, Luis and Beckers, Pierre},
  journal={International Journal for Numerical Methods in Engineering},
  volume={38},
  number={13},
  pages={2165--2184},
  year={1995},
  publisher={Wiley Online Library}
}
@article{wang2017variationally,
  title={Variationally consistent coupling of non-matching discretizations for large deformation problems},
  author={Wang, Xiaowo and Prakash, Arun and Chen, Jiun-Shyan and Taciroglu, Ertugrul},
  journal={Computational Mechanics},
  year={2017}
}
@article{song2017virtual,
  title={Virtual gap element approach for the treatment of non-matching interface using three-dimensional solid elements},
  author={Song, Yeo-Ul and Youn, Sung-Kie and Park, KC},
  journal={Computational Mechanics},
  pages={1--10},
  year={2017},
  publisher={Springer}
}
@article{thevenaz2000interpolation,
  title={Interpolation revisited [medical images application]},
  author={Th{\'e}venaz, Philippe and Blu, Thierry and Unser, Michael},
  journal={IEEE Transactions on medical imaging},
  volume={19},
  number={7},
  pages={739--758},
  year={2000},
  publisher={IEEE}
}
@article{beckert2001multivariate,
  title={Multivariate interpolation for fluid-structure-interaction problems using radial basis functions},
  author={Beckert, Armin and Wendland, Holger},
  journal={Aerospace Science and Technology},
  volume={5},
  number={2},
  pages={125--134},
  year={2001},
  publisher={Elsevier}
}
@article{smith2000evaluation,
  title={Evaluation of some data transfer algorithms for noncontiguous meshes},
  author={Smith, Marilyn J and Cesnik, Carlos ES and Hodges, Dewey H},
  journal={Journal of Aerospace Engineering},
  volume={13},
  number={2},
  pages={52--58},
  year={2000},
  publisher={American Society of Civil Engineers}
}
@article{wendland1995piecewise,
  title={Piecewise polynomial, positive definite and compactly supported radial functions of minimal degree},
  author={Wendland, Holger},
  journal={Advances in computational Mathematics},
  volume={4},
  number={1},
  pages={389--396},
  year={1995},
  publisher={Springer}
}
@article{duchon1977splines,
  title={Splines minimizing rotation-invariant semi-norms in Sobolev spaces},
  author={Duchon, Jean},
  journal={Constructive theory of functions of several variables},
  pages={85--100},
  year={1977},
  publisher={Springer}
}
@book{buhmann2003radial,
  title={Radial basis functions: theory and implementations},
  author={Buhmann, Martin D},
  volume={12},
  year={2003},
  publisher={Cambridge university press}
}
@article{dennis1977quasi,
  title={Quasi-Newton methods, motivation and theory},
  author={Dennis, Jr, John E and Mor{\'e}, Jorge J},
  journal={SIAM review},
  volume={19},
  number={1},
  pages={46--89},
  year={1977},
  publisher={SIAM}
}
@article{davidon1959aec,
  title={AEC Research and Development Report},
  author={Davidon, WC},
  journal={ANL-5990},
  year={1959}
}
@article{fletcher1963rapidly,
  title={A rapidly convergent descent method for minimization},
  author={Fletcher, Roger and Powell, Michael JD},
  journal={The computer journal},
  volume={6},
  number={2},
  pages={163--168},
  year={1963},
  publisher={The British Computer Society}
}
@article{dennis1996numerical,
  title={Numerical methods for unconstrained optimization and nonlinear equations},
  author={Dennis Jr, John E and Schnabel, Robert B},
  year={1996},
  publisher={SIAM}
}

@article{cebrali1997conservative,
  title={Conservative load projection and tracking for fluid-structure problems},
  author={Cebral{\=I}, Juan Ra{\^A}ul and L{\v{C}}ohner{\=e}, Rainald},
  journal={AIAA journal},
  volume={35},
  number={4},
  year={1997}
}
@inproceedings{lohner1998fluid,
  title={Fluid-structure-thermal interaction using a loose coupling algorithm and adaptive unstructured grids},
  author={L{\"o}hner, Rainald and Yang, Chi and Cebral, Juan and Baum, Joseph D and Luo, Hong and Pelessone, Daniele and Charman, Charles},
  booktitle={Proc., 29th AIAA Fluid Dynamics Conference},
  year={1998}
}

@article{farhat1998load,
  title={Load and motion transfer algorithms for fluid/structure interaction problems with non-matching discrete interfaces: Momentum and energy conservation, optimal discretization and application to aeroelasticity},
  author={Farhat, Charbel and Lesoinne, Michael and Le Tallec, P},
  journal={Computer methods in applied mechanics and engineering},
  volume={157},
  number={1-2},
  pages={95--114},
  year={1998},
  publisher={Elsevier}
}
@article{dhia2005arlequin,
  title={The Arlequin method as a flexible engineering design tool},
  author={Dhia, Hashmi Ben and Rateau, Guillaume},
  journal={International journal for numerical methods in engineering},
  volume={62},
  number={11},
  pages={1442--1462},
  year={2005},
  publisher={Wiley Online Library}
}
@article{dhia2008multimodeling,
  title={Multimodeling of multi-alterated structures in the Arlequin framework: Solution with a Domain-Decomposition solver},
  author={Dhia, Hachmi Ben and Elkhodja, Nadia and Roux, Fran{\c{c}}ois-Xavier},
  journal={European Journal of Computational Mechanics/Revue Europ{\'e}enne de M{\'e}canique Num{\'e}rique},
  volume={17},
  number={5-7},
  pages={969--980},
  year={2008},
  publisher={Taylor \& Francis}
}
@article{de2008comparison,
  title={Comparison of conservative and consistent approaches for the coupling of non-matching meshes},
  author={de Boer, Aukje and van Zuijlen, Alexander H and Bijl, Hester},
  journal={Computer Methods in Applied Mechanics and Engineering},
  volume={197},
  number={49},
  pages={4284--4297},
  year={2008},
  publisher={Elsevier}
}
@article{mcgee2005non,
  title={Non-conforming finite element methods for nonmatching grids in three dimensions},
  author={McGee, Wayne and Seshaiyer, Padmanabhan},
  journal={Domain decomposition methods in science and engineering},
  pages={327--334},
  year={2005},
  publisher={Springer}
}
@article{flemisch2012non,
  title={Non-matching grids for a flexible discretization in computational acoustics},
  author={Flemisch, Bernd and Kaltenbacher, Manfred and Triebenbacher, Simon and Wohlmuth, Barbara},
  journal={Communications in Computational Physics},
  volume={11},
  number={2},
  pages={472--488},
  year={2012},
  publisher={Cambridge University Press}
}
@article{feyel2000fe,
  title={FE 2 multiscale approach for modelling the elastoviscoplastic behaviour of long fibre SiC/Ti composite materials},
  author={Feyel, Fr{\'e}d{\'e}ric and Chaboche, Jean-Louis},
  journal={Computer methods in applied mechanics and engineering},
  volume={183},
  number={3},
  pages={309--330},
  year={2000},
  publisher={Elsevier}
}
@article{hou2012numerical,
  title={Numerical methods for fluid-structure interaction - a review},
  author={Hou, Gene and Wang, Jin and Layton, Anita},
  journal={Communications in Computational Physics},
  volume={12},
  number={2},
  pages={337--377},
  year={2012},
  publisher={Cambridge University Press}
}
@article{brandt2002multiscale,
  title={Multiscale scientific computation: Review 2001},
  author={Brandt, Achi},
  booktitle={Multiscale and multiresolution methods},
  pages={3--95},
  year={2002},
  publisher={Springer}
}
@article{wriggers1995finite,
  title={Finite element algorithms for contact problems},
  author={Wriggers, Peter},
  journal={Archives of Computational Methods in Engineering},
  volume={2},
  number={4},
  pages={1--49},
  year={1995},
  publisher={Springer}
}
@incollection{shillor20047,
  title={7 Elastic Contact},
  author={Shillor, Meir and Sofonea, Mircea and Telega, J{\'o}zef Joachim},
  booktitle={Models and Analysis of Quasistatic Contact},
  pages={101--115},
  year={2004},
  publisher={Springer}
}
@book{sofonea2005analysis,
  title={Analysis and approximation of contact problems with adhesion or damage},
  author={Sofonea, Mircea and Han, Weimin and Shillor, Meir},
  year={2005},
  publisher={CRC Press}
}
@article{christensen1998formulation,
  title={Formulation and comparison of algorithms for frictional contact problems},
  author={Christensen, PW and Klarbring, Anders and Pang, Jong-Shi and Str{\"o}mberg, Niclas},
  journal={International Journal for Numerical Methods in Engineering},
  volume={42},
  number={1},
  pages={145--173},
  year={1998}
}

@article{el2001stability,
  title={Stability and patch test performance of contact discretizations and a new solution algorithm},
  author={El-Abbasi, Nagi and Bathe, Klaus-J{\"u}rgen},
  journal={Computers \& Structures},
  volume={79},
  number={16},
  pages={1473--1486},
  year={2001},
  publisher={Elsevier}
}
@article{fish1995iterative,
  title={Iterative and direct solvers for interface problems with Lagrange multipliers},
  author={Fish, J and Belsky, V and Pandheeradi, M},
  journal={Computing Systems in Engineering},
  volume={6},
  number={3},
  pages={261--273},
  year={1995},
  publisher={Elsevier}
}
@book{bertsekas2014constrained,
  title={Constrained optimization and Lagrange multiplier methods},
  author={Bertsekas, Dimitri P},
  year={2014},
  publisher={Academic press}
}
@article{oliver2009contact,
  title={A contact domain method for large deformation frictional contact problems. Part 1: theoretical basis},
  author={Oliver, J and Hartmann, S and Cante, JC and Weyler, R and Hern{\'a}ndez, JA},
  journal={Computer Methods in Applied Mechanics and Engineering},
  volume={198},
  number={33},
  pages={2591--2606},
  year={2009},
  publisher={Elsevier}
}
@article{hartmann2009contact,
  title={A contact domain method for large deformation frictional contact problems. Part 2: Numerical aspects},
  author={Hartmann, S and Oliver, J and Weyler, R and Cante, JC and Hern{\'a}ndez, JA},
  journal={Computer Methods in Applied Mechanics and Engineering},
  volume={198},
  number={33},
  pages={2607--2631},
  year={2009},
  publisher={Elsevier}
}
@article{hinton1974local,
  title={Local and global smoothing of discontinuous finite element functions using a least squares method},
  author={Hinton, E and Campbell, JS},
  journal={International Journal for Numerical Methods in Engineering},
  volume={8},
  number={3},
  pages={461--480},
  year={1974},
  publisher={Wiley Online Library}
}
@article{stummel1979generalized,
  title={The generalized patch test},
  author={Stummel, Friedrich},
  journal={SIAM Journal on Numerical Analysis},
  volume={16},
  number={3},
  pages={449--471},
  year={1979},
  publisher={SIAM}
}
@article{stummel1980limitations,
  title={The limitations of the patch test},
  author={Stummel, F},
  journal={International journal for numerical methods in engineering},
  volume={15},
  number={2},
  pages={177--188},
  year={1980},
  publisher={Wiley Online Library}
}
@article{shi1987fem,
  title={The FEM test for convergence of nonconforming finite elements},
  author={Shi, Zhong Ci},
  journal={Mathematics of computation},
  volume={49},
  number={180},
  pages={391--405},
  year={1987}
}
